<record><leader>00000cas a22000007a 4500</leader><controlfield tag="001">21577318</controlfield><controlfield tag="008">900523d19021944nyuwr ne      0    0eng d</controlfield><datafield ind1=" " ind2=" " tag="010"><subfield code="a">sn 90066080 </subfield></datafield><datafield ind1=" " ind2=" " tag="040"><subfield code="a">NYS</subfield><subfield code="b">eng</subfield><subfield code="c">NYS</subfield><subfield code="d">OCLCQ</subfield></datafield><datafield ind1=" " ind2=" " tag="042"><subfield code="a">msc</subfield></datafield><datafield ind1="0" ind2="0" tag="245"><subfield code="a">Seneca County courier-journal.</subfield></datafield><datafield ind1=" " ind2=" " tag="260"><subfield code="a">Seneca Falls, N.Y. :</subfield><subfield code="b">Journal Pub. Co.</subfield></datafield><datafield ind1=" " ind2=" " tag="300"><subfield code="a">v.</subfield></datafield><datafield ind1=" " ind2=" " tag="310"><subfield code="a">Weekly</subfield></datafield><datafield ind1="0" ind2=" " tag="362"><subfield code="a">Vol. 65, no. 20 (Aug. 21, 1902)- = Journal v. 18, no. 20-</subfield></datafield><datafield ind1="1" ind2=" " tag="362"><subfield code="a">Ceased Dec. 21, 1944?</subfield></datafield><datafield ind1=" " ind2="4" tag="651"><subfield code="a">Seneca Falls (N.Y.)</subfield><subfield code="v">Newspapers.</subfield></datafield><datafield ind1=" " ind2=" " tag="752"><subfield code="a">United States</subfield><subfield code="b">New York</subfield><subfield code="c">Seneca</subfield><subfield code="d">Seneca Falls.</subfield></datafield><datafield ind1="0" ind2="4" tag="780"><subfield code="t">Seneca County journal</subfield><subfield code="w">(DLC)sn 90066128</subfield></datafield><datafield ind1="0" ind2="4" tag="780"><subfield code="t">Seneca County courier</subfield><subfield code="w">(DLC)sn 83031620</subfield></datafield><datafield ind1="1" ind2=" " tag="029"><subfield code="a">AU@</subfield><subfield code="b">000025862943</subfield></datafield></record>